@book{Balog:2018:Book,
  author = {Krisztian Balog},
  title = {Entity-Oriented Search},
  series = {The Information Retrieval Series},
  volume = {39},
  publisher = {Springer},
  year = {2018}
}


@misc{Balog:2020:arXiv,
  author = {Krisztian Balog and Lucie Flekova and Matthias Hagen and Rosie Jones and Martin Potthast and Filip Radlinski and Mark Sanderson and Svitlana Vakulenko and Hamed Zamani},
  title = {Common Conversational Community Prototype: Scholarly Conversational Assistant},
  archivePrefix = {arXiv},
  eprint = {2001.06910},
  primaryClass = {cs.CL},
  year = {2020}
}



@phdthesis{Maxwell:2019:PhDThesis,
  author = {Maxwell, David Martin},
  title = {Modelling search and stopping in interactive information retrieval},
  school = {University of Glasgow},
  year = {2019}
}  

@article{Sanderson:2010:FnTIR,
  author = {Sanderson, Mark},
  title = {Test Collection Based Evaluation of Information Retrieval Systems},
  journal = {Found. Trends Inf. Retr.},
  volume = {4},
  number = {4},
  pages = {247--375},
  year = {2010}
}


@inproceedings{Zhang:2020:KDD,
  author = {Zhang, Shuo and Balog, Krisztian},
  title = {Evaluating Conversational Recommender Systems via User Simulation},
  booktitle = {Proceedings of the 26th ACM SIGKDD International Conference on Knowledge Discovery \& Data Mining},
  series = {KDD '20},
  pages = {1512--1520},
  year = {2020}
}
